version https://git-lfs.github.com/spec/v1
oid sha256:cf2ec4281b62c819f2564b6ce8e41a5280cb8562a00c09d1bb7d46ea49312203
size 26565
