version https://git-lfs.github.com/spec/v1
oid sha256:aca09cf72d48b50e401e950370903c812039e733f1df8946c11d33dde66dc627
size 963
