version https://git-lfs.github.com/spec/v1
oid sha256:a99bf9fad197fc4c6f46c52cf7831a879aab22161f3cc12be59ef3787de6bc28
size 7435
