version https://git-lfs.github.com/spec/v1
oid sha256:4249071986296d20a3bc90113258e52383e6cbabdf40671627effc8f91a5f37c
size 5396
