version https://git-lfs.github.com/spec/v1
oid sha256:081ac9a8e22e5bbf4826027d861959a2b607389f0e7aedd37ee3f7a780929630
size 3528
