version https://git-lfs.github.com/spec/v1
oid sha256:fdfc8869d9dd5ba9619ef616aa724791e00236502521a5cf158be330c007201c
size 412
