version https://git-lfs.github.com/spec/v1
oid sha256:42ee4696016de18011565497bc998f386f260b5627a55575981b252ef9ac1af8
size 20921
