version https://git-lfs.github.com/spec/v1
oid sha256:e44a83078ab56adcad54fe0f10a6d93304844e05859cc34846e7c7181a4442d6
size 1827
