version https://git-lfs.github.com/spec/v1
oid sha256:6706245964fc26f3237e2abbbff11b136bd376d6a0ddde084e6cf70102c3fc6d
size 1120
