version https://git-lfs.github.com/spec/v1
oid sha256:c60800eb4bf54bc04e63e4e8b412fb71693bbd34cc630ed168b8cee9b7e8ee20
size 933
