version https://git-lfs.github.com/spec/v1
oid sha256:a2bf10b5bd3ec0fbf48f7ba32545eac8bbaa353b533ace1de5f5a30ffac01cf9
size 2458
