version https://git-lfs.github.com/spec/v1
oid sha256:64d209009bc53ba2f33b1ab019fcdf07858899c043093183baed6163382a4e75
size 311457
