version https://git-lfs.github.com/spec/v1
oid sha256:b69d69eb165fa149a760d7386b345529cfb4186542dcb450500711ce2ac7faae
size 4078
