version https://git-lfs.github.com/spec/v1
oid sha256:ed0c74b52cefbb2f826657f464ace8f0e5491c568c0729dbae8b59a10db87fda
size 7459
