version https://git-lfs.github.com/spec/v1
oid sha256:28a53c582a074a610a95d55bd36c25d4057a75d253f4bf368fd23b5bb8e1e23e
size 302
