version https://git-lfs.github.com/spec/v1
oid sha256:bec40cf71780cd79a97a54a1c4fc2763f8e1d62faf4cdeffa01d4e2ceda59c6b
size 1983
