version https://git-lfs.github.com/spec/v1
oid sha256:2101d16085db0e93e346586f49a269df3acd187a40cc875bd62d52c2f99d04b4
size 10133
