version https://git-lfs.github.com/spec/v1
oid sha256:777c405efce70b8de557d03b83eb2a06d20263f6db5a1d8c7c3ce6acd509f85c
size 5369
