version https://git-lfs.github.com/spec/v1
oid sha256:734166f9634f9562b6efa03aacb9959f0beb1d15e7c6de728df65491ece6d8ac
size 922
