version https://git-lfs.github.com/spec/v1
oid sha256:c934f84f5be2e7733178e8743cd7818707a69028957f86a7aeda85d21dab5c9d
size 23980
