version https://git-lfs.github.com/spec/v1
oid sha256:68c8e4436f5f7c6b1dbfa9d5018a5b5fc5261855a843e822a669ed9b58fd0e27
size 29353
