version https://git-lfs.github.com/spec/v1
oid sha256:01b012259d8809f83396f7856d46a051a8e6659bdba0e40ea5e0da7d78435210
size 151935
