version https://git-lfs.github.com/spec/v1
oid sha256:12318a35327caa3a772bb296baf4bb853bf7673c2c4d3632a953048abc2d5ade
size 1329208
