version https://git-lfs.github.com/spec/v1
oid sha256:50f4a754c3d903415db97b452213700e5fce95b492d08c8d4fa24e1234553ad9
size 250987
