version https://git-lfs.github.com/spec/v1
oid sha256:71e2e6acc8194e086bb71f740bd9f247d461a2c6d6c3631dc9910a16173f87af
size 18058
