version https://git-lfs.github.com/spec/v1
oid sha256:f4188be272ada8a1eed5a2a0ca9f650df45e0b75ab30cf52bc50fb38e233ac5e
size 1622
