version https://git-lfs.github.com/spec/v1
oid sha256:1c87971452b02be4f2a00effbf4fae376c676239164af76d78a29ca7b76b5380
size 3311
