version https://git-lfs.github.com/spec/v1
oid sha256:d147a8f2d41157092af171e1238f3077b9ca35e247e794d5cdfd2401e48b9d2c
size 3065
