version https://git-lfs.github.com/spec/v1
oid sha256:b1e6d69aa3d144f8cb4c80a590c11ae64b6ad23cc4fa084e832319ca71c2042f
size 3095
