version https://git-lfs.github.com/spec/v1
oid sha256:b7f7c744176a04ccb9330e1456812c96eb9550e7a9fd8fc2a7a9f96f04b58603
size 1513
