version https://git-lfs.github.com/spec/v1
oid sha256:a6f82a1c01c4a98067435ee1278b8267b9234116913e2034beb1c488476d4d91
size 6247
