version https://git-lfs.github.com/spec/v1
oid sha256:f4b38a30539a96272279040cd36764c277f76d135653dc544662b5afa52ad84b
size 4337
