version https://git-lfs.github.com/spec/v1
oid sha256:38cd939cd32a386c15b6c4a89ebada2a0b9d522ac68e5812761f3ffed06e549e
size 1785
