version https://git-lfs.github.com/spec/v1
oid sha256:4c3a65f6188b36b86f5c7b28ad29e9fcaede393dff2f4b40f44dcf8dcba1a91d
size 3627
