version https://git-lfs.github.com/spec/v1
oid sha256:444f461ab754ac7e59aa7b4930619681439e6492cd778429ec362658397d5f39
size 68292
