version https://git-lfs.github.com/spec/v1
oid sha256:3c64dd96d979212e271bbc60ea75ecb73c149d9344574a610515ea7bee93914b
size 729
