version https://git-lfs.github.com/spec/v1
oid sha256:7fbf49c0411baf7913ceb70163bdcde4bae1718490d5e04995d9a9bb5e7f7c51
size 3935
