version https://git-lfs.github.com/spec/v1
oid sha256:8cdfae846ae73897e337dbf74bb2517cb78a91f6ebceeca7e2a48fef6c184d84
size 2311
