version https://git-lfs.github.com/spec/v1
oid sha256:fea216c40d131c50378b639bf6ccd76160f8bacaae9a877d4b0bf3dc0fd9efba
size 2723
