version https://git-lfs.github.com/spec/v1
oid sha256:57ccd883731eedf11cefed0bfe00fa5963d65d437d4b7bddd6cd885d6e1aa6ba
size 1164
