version https://git-lfs.github.com/spec/v1
oid sha256:647809d4f944ae6e06d5a5572bcd43f8d38fe29112bc563acd2ab4e7f8fca81f
size 2790
