version https://git-lfs.github.com/spec/v1
oid sha256:1c9b20e9c3a5aec1d8337b37a6244bd85b5e1cc9e5736d98a51b448cc669cc66
size 6959
