version https://git-lfs.github.com/spec/v1
oid sha256:851fae5453eee03c8acdc6d05310c415a1783ccef92d62dccd3b7ced5da38bcf
size 1364
