version https://git-lfs.github.com/spec/v1
oid sha256:d165888baaded20f4bc3e540a4bba5dc94aa0827bdd57f3b2e3a0cb4c37f6efa
size 1864
