version https://git-lfs.github.com/spec/v1
oid sha256:62c2555edaeb58522face9d1d70280eca7a65a125f06a2e27cc4ee8d41fc048f
size 2981
