version https://git-lfs.github.com/spec/v1
oid sha256:34db1db8242156fe501f4920bea55b31d49b6c8c3a1c1ce3b020c03c7b593040
size 516
