version https://git-lfs.github.com/spec/v1
oid sha256:0de692f9a6edd6c3ecc8f734f7c631666bce8156e0b9b9a9716b4b0d48fe7167
size 2716
