version https://git-lfs.github.com/spec/v1
oid sha256:31af98de901e884b79d5c39b4527d3ce9b0a6997d17db2f1db96501c4f20946a
size 3265
