version https://git-lfs.github.com/spec/v1
oid sha256:3d15de9593f92b2336fd9e7c52968756e90706e96e32b171deb006bd76b9767e
size 14192
