version https://git-lfs.github.com/spec/v1
oid sha256:46a9279202a6f7e641387e797381c2fd25e3a146256bac1c36097887555942df
size 20898
