version https://git-lfs.github.com/spec/v1
oid sha256:fa34a8b72d4e41458efbd5b2a36763547520824b055f10a64db87848da58bb0c
size 39685
