version https://git-lfs.github.com/spec/v1
oid sha256:7fd3e3c4ed92366fcf82082cb91da3312fdfca02b84c4f1ad7c485256e4057e2
size 24831
