version https://git-lfs.github.com/spec/v1
oid sha256:c7dd3efe43395781fb2d693cf3a6e54b66fa381523b6a51e53d28704657941db
size 8407
