version https://git-lfs.github.com/spec/v1
oid sha256:3a3dc2df03ebb1df4c9c0de59da89841a03bad6ab7a2a83f79f979a47e556b70
size 883729
