version https://git-lfs.github.com/spec/v1
oid sha256:4a42f652608a53b8f5f5e44972c3ce95d1fd06802db4612d7a63c800ed29cffb
size 427780
