version https://git-lfs.github.com/spec/v1
oid sha256:45ed18daaa289809f4968ec7eee902a8841edc733d4b08671ff88653d4e98f33
size 204249
