version https://git-lfs.github.com/spec/v1
oid sha256:98f12ce52ee6305a7b9cfc4fe24b38eb14378111e171bb68ed7f15cfd0ae0c52
size 130458
