version https://git-lfs.github.com/spec/v1
oid sha256:a6fc3a029fd159ed58a4a145e654d580221d020be566f6c13bc820aaf089392e
size 61457
