version https://git-lfs.github.com/spec/v1
oid sha256:e470ce7e3718ce98f72bbd0c87e9e421fb6a18e00744abd6ecc953cc7b90b953
size 15001
