version https://git-lfs.github.com/spec/v1
oid sha256:3ab0a0728af151d96d188e970dd8d163f6461393247ff8705068e5f15c7f906b
size 2790769
