version https://git-lfs.github.com/spec/v1
oid sha256:445118945679042d053eac9451829616afcc84f7d0ec56f0c99f17705fc7ec6f
size 1053256
