version https://git-lfs.github.com/spec/v1
oid sha256:c95604baaa74ea7e66cee19bb519a863af4f6e20dbbcd60f5bbed80ff008f81b
size 463
