version https://git-lfs.github.com/spec/v1
oid sha256:c9960655987e9ceb7b0526129fac5fb56716bf380f2b1555d11ad36e232b2350
size 14170
