version https://git-lfs.github.com/spec/v1
oid sha256:b21fc6f8b90d1a378e87cfc1abc2d9fef181ffc5bdf5290c91e4038b04d55593
size 163
