version https://git-lfs.github.com/spec/v1
oid sha256:030d7b0488e9a72c93871e978201a5a4d497008afae7ed1875dea9c658018b71
size 451
