version https://git-lfs.github.com/spec/v1
oid sha256:c859aac5e95dd07ad4a39fb0ef8a39047b0941bce68cc906d51ffc19f027f034
size 329
