version https://git-lfs.github.com/spec/v1
oid sha256:5dee9500208dbd7ad499ab06175ce7386d310a3fcd44f4fc3723fd4337a3b36f
size 165
