version https://git-lfs.github.com/spec/v1
oid sha256:65b27f6d382262bf75623d618f22f432bc6b2967a348041c4dc89b782c25a6f5
size 507
