version https://git-lfs.github.com/spec/v1
oid sha256:635b7f0194c4d29df649b37c3c7d1b5a76e30c5219773cb4a26b7193af5017f3
size 709
