version https://git-lfs.github.com/spec/v1
oid sha256:23411b6b0a9818037743ac893c7c1e8aecab2d22afff2590cb1a6c7633aaad59
size 1628
