version https://git-lfs.github.com/spec/v1
oid sha256:1fe804b46e4653e8c5bfc42aa08ae135c22eebf45b8af1eff7e0ca2f52f20acb
size 94474
