version https://git-lfs.github.com/spec/v1
oid sha256:02f33abfc3be915fc0b99f7003f5573fb0553229ccf97558d66202b6bb1c52da
size 24030
