version https://git-lfs.github.com/spec/v1
oid sha256:ef4a4b24f499abe3603aadc3e48bdadce5c19540396711ca5ef61144e8800de9
size 185638
