version https://git-lfs.github.com/spec/v1
oid sha256:bbd1c2ec90bc34fb84c459fb96ee5379c6ea50c01013df55142ad62656abad57
size 6160
