version https://git-lfs.github.com/spec/v1
oid sha256:85a3ee91cc5705a0a19ec5cc147bc9cea83dec8b53f8351c30a558f9a5971333
size 6978
