version https://git-lfs.github.com/spec/v1
oid sha256:bd419cbd43d2072457eb917d56e134b5776fea33dcc2b0b5b12134e2d195acb4
size 1508
