version https://git-lfs.github.com/spec/v1
oid sha256:1e3d7943d9e5fb3efcb2606813018dfbe4d231f7a5696e0f56f9fbcda2c2c283
size 4633
