version https://git-lfs.github.com/spec/v1
oid sha256:f183ba5cc13dd5ab185f40ae2469e460b79985a9c1a4d1dc979daed59a6ef289
size 22993
