version https://git-lfs.github.com/spec/v1
oid sha256:64ec9db5903046268e533ab623455a70a58f7ebea14e34350e827e99deba26c1
size 166673
