version https://git-lfs.github.com/spec/v1
oid sha256:08d0af4e59194ddf0897e9d8a247fd995dc7a49fd5c5040505685087beb42845
size 1089
