version https://git-lfs.github.com/spec/v1
oid sha256:682daba7a1b3d0d80159e4718f06205e8014503309cdfe25608dcdff13b96452
size 2721
