version https://git-lfs.github.com/spec/v1
oid sha256:fa69530b69864a9f945cf47423e1770458787bed19c56b4393b12efab32575a7
size 363
